% Encoding: Cp1252
% Google Academic é uma boa fonte e já fornece a citação no formato BibTex

@BOOK{armBook,
  title = {ARM System Developer's Guide},
  publisher = {Elsevier},
  year = {2004},
  author = {Andrew N. Sloss and Dominic Symes and Chris Wright},
  pages = {689},
  address = {San Francisco, CA},
  owner = {Google Code},
  timestamp = {2012.10.20}
}

@BOOK{bLp,
  title = {Beginning Linux® Programming 4th Ed. },
  publisher = {CPM Books},
  year = {2008},
  author = {Neil Matthew and Richard Stones},
  pages = {780},
  address = {Indianapolis, IN},
  owner = {Biblioteca Central da EESC},
  timestamp = {2012.10.20}
}

@BOOK{RTbook,
  title = {Real-Time Concepts for Embedded Systems},
  publisher = {CPM Books},
  year = {2003},
  author = {Qing Li and Caroline Yao},
  pages = {294},
  address = {San Francisco, CA},
  owner = {Biblioteca do ICMC},
  timestamp = {2012.10.20}
}

@misc{kitMan,
  author = {{Olimex Ltd}},
  title = {SAM9-L9260 development board User's Manual},
  month = {Setembro},
  year = {2009},
  address = {Internet},
  owner = {Internet},
  timestamp = {2012.10.21},
  note={{Disponível em: <http://www.opencore.eesc.usp.br/leonardo/Documentos/Manual.pdf> (Rev.D) e <https://www.olimex.com/Products/ARM/Atmel/SAM9-L9260/resources/SAM9-L9260.pdf> (Rev.B). Acesso em 23 Oct. 2012}},
  urlaccessdate={21 out. 2012}
}

@misc{gpl,
  author = {{Open Source Initiative}},
  title = {GNU General Public License, version 3 (GPL-3.0)},
  month = {Junho},
  year = {2007},
  address = {Internet},
  owner = {Internet},
  timestamp = {2012.10.21},
  note={{Disponível em: <http://opensource.org/licenses/GPL-3.0>. Acesso em 02 Dec. 2012}},
  urlaccessdate={21 out. 2012}
}

@misc{bsd,
  author = {{Open Source Initiative}},
  title = {The BSD 3-Clause License},
  month = {Janeiro},
  year = {2008},
  address = {Internet},
  owner = {Internet},
  timestamp = {2012.10.21},
  note={{Disponível em: <http://opensource.org/licenses/BSD-3-Clause>. Acesso em 02 Dec. 2012}},
  urlaccessdate={21 out. 2012}
}

@misc{elinux,
  author = {{eLinux.ORG}},
  title = {Realtime Testing Best Practices},
  month = {Outubro},
  year = {2012},
  address = {Internet},
  owner = {Internet},
  timestamp = {2012.10.21},
  note={{Disponível em: <http://elinux.org/Realtime\_Testing\_Best\_Practices>. Acesso em 23 Oct. 2012}},
  urlaccessdate={21 out. 2012}
}


@misc{rtpatch,
  author = {{Kernel.ORG}},
  title = {Real Time Linux Patch},
  month = {Outubro},
  year = {2012},
  address = {Internet},
  owner = {Internet},
  timestamp = {2012.10.21},
  note={{Disponível em: <https://rt.wiki.kernel.org>. Acesso em 23 Oct. 2012}},
  urlaccessdate={21 out. 2012}
}

@misc{linuxSource,
  author = {{Kernel.ORG}},
  title = {Linux Kernel Archives},
  month = {Outubro},
  year = {2012},
  address = {Internet},
  owner = {Internet},
  timestamp = {2012.10.21},
  note={{Disponível em: <https://kernel.org>. Acesso em 25 Oct. 2012}},
  urlaccessdate={21 out. 2012}
}


@misc{sam4,
  author = {{AT91SAM Community}},
  title = {Real Time solutions on AT91SAM SoC},
  month = {Outubro},
  year = {2012},
  address = {Internet},
  owner = {Internet},
  timestamp = {2012.10.21},
  note={{Disponível em: <http://www.at91.com/linux4sam/bin/view/Linux4SAM/RealTime>. Acesso em 23 Oct. 2012}},
  urlaccessdate={21 out. 2012}
}

@misc{MobileStat,
  author = {{Gartner Inc.}},
  title = {Worldwide Mobile Device Sales to End Users by Operating System in 2Q12},
  month = {Agosto},
  year = {2012},
  address = {Egham, UK},
  owner = {Internet},
  timestamp = {2012.10.21},
  note={{Disponível em: <http://www.gartner.com/it/page.jsp?id=2120015>. Acesso em 21 Oct. 2012}},
  urlaccessdate={21 out. 2012}
}

@BOOK{osT,
  title = {Sistemas Operacionais Modernos},
  publisher = {Pearson},
  year = {2003},
  author = {Andrew S. Tanenbaum},
  pages = {673},
  address = {São Paulo, SP},
  owner = {Biblioteca do ICMC},
  timestamp = {2012.10.22}
}

@misc{flossDef,
  author = {{Free Software Foundation}},
  title = {A Definição de Software Livre},
  month = {Fevereiro},
  year = {2012},
  address = {http://www.gnu.org/philosophy/free-sw.html},
  owner = {Internet},
  timestamp = {2012.10.21},
  note={{Disponível em: <http://www.gnu.org/philosophy/free-sw.html>. Acesso em 22 Oct. 2012}},
  urlaccessdate={22 out. 2012}
}

@BOOK{focalinux,
  title = {Guia Foca GNU/Linux	},
  publisher = {Focalinux.org},
  year = {2010},
  author = {Gleydson Mazioli da Silva},
  pages = {850},
  address = {Brasil},
  owner = {e-book Livre},
  timestamp = {2012.10.22}
}

@misc{top500,
  author = {{Top500 Supercomputer Sites}},
  title = {Top500 Statistics: Operating System Family and Performance Share.},
  month = {Junho},
  year = {2012},
  address = {http://i.top500.org/stats},
  owner = {Internet},
  timestamp = {2012.10.21},
  note={{Disponível em: <http://i.top500.org/stats>. Acesso em 23 Oct. 2012}},
  urlaccessdate={22 out. 2012}
}

@article{locke2005posix,
  title={Posix and linux application compatibility design rules},
  author={Locke, C.D.},
  journal={system},
  volume={20},
  pages={21},
  year={2005}
}

@book{siever2009linux,
  title={Linux in a Nutshell},
  author={Siever, E. and Weber, A. and Figgins, S. and Love, R. and Robbins, A.},
  year={2009},
  publisher={O'Reilly Media, Incorporated}
}


